@online{tecnologia+informatica,
    author = "Guillermo Venturini",
    title = "Tipos de memorias de una computadora",
    url  = "https://www.tecnologia-informatica.com/tipos-memorias-computadora/#:~:text=No%20obstante%2C%20una%20computadora%20trabaja,memoria%20Virtual%20o%20de%20Swap.",
    addendum = "(accessed: 07.17.2020)",
    keywords = "latex,knuth"
}

@online{computerhoy,

    title = "Latencia vs. megahercios, ¿qu´e es m´as importante al elegir
    la ram para tu pc?",
    url  = "https://computerhoy.com/reportajes/tecnologia/latencia-vs-megahercios-importante-elegir-ram-pc-420979#:~:text=Es%20decir%2C%20que%20con%20una,indica%20que%20es%20m%C3%A1s%20eficiente..",
    keywords = "latex,knuth"
}


@misc{augusto,
    author = "Augusto Salazar",
    title = "funcionamiento de la memoria de un computador",
    year= "2020"   
}